<?xml version="1.0" encoding="UTF-8"?><collection xmlns="http://www.loc.gov/MARC21/slim"><record><leader>00424nam--2200133-i-4500</leader><controlfield tag="001">000021780</controlfield><controlfield tag="002">20161230</controlfield><controlfield tag="005">20161230201034</controlfield><controlfield tag="008">060222s1000------------r-----000-0-eng-d</controlfield><datafield ind1=" " ind2=" " tag="100"><subfield code="a">Howton, David R. And Mead, Jeames F</subfield></datafield><datafield ind1=" " ind2=" " tag="245"><subfield code="a">Radioisotope studies of fatty acid metabolism</subfield></datafield><datafield ind1=" " ind2=" " tag="260"><subfield code="a">London, Pergamon Press, 1960. Viii + 141p</subfield></datafield><datafield ind1=" " ind2=" " tag="490"><subfield code="a">Int.Series Of Monographs On Nuclear Energy, Division Vi:Medicine</subfield></datafield><datafield ind1=" " ind2=" " tag="852"><subfield code="a">15604</subfield></datafield></record></collection>